%YAML 1.1
%TAG !u! tag:unity3d.com,2011:
--- !u!29 &1
OcclusionCullingSettings:
  m_ObjectHideFlags: 0
  serializedVersion: 2
  m_OcclusionBakeSettings:
    smallestOccluder: 5
    smallestHole: 0.25
    backfaceThreshold: 100
  m_SceneGUID: 00000000000000000000000000000000
  m_OcclusionCullingData: {fileID: 0}
--- !u!104 &2
RenderSettings:
  m_ObjectHideFlags: 0
  serializedVersion: 9
  m_Fog: 0
  m_FogColor: {r: 0.5, g: 0.5, b: 0.5, a: 1}
  m_FogMode: 3
  m_FogDensity: 0.01
  m_LinearFogStart: 0
  m_LinearFogEnd: 300
  m_AmbientSkyColor: {r: 0.212, g: 0.227, b: 0.259, a: 1}
  m_AmbientEquatorColor: {r: 0.114, g: 0.125, b: 0.133, a: 1}
  m_AmbientGroundColor: {r: 0.047, g: 0.043, b: 0.035, a: 1}
  m_AmbientIntensity: 1
  m_AmbientMode: 3
  m_SubtractiveShadowColor: {r: 0.42, g: 0.478, b: 0.627, a: 1}
  m_SkyboxMaterial: {fileID: 0}
  m_HaloStrength: 0.5
  m_FlareStrength: 1
  m_FlareFadeSpeed: 3
  m_HaloTexture: {fileID: 0}
  m_SpotCookie: {fileID: 10001, guid: 0000000000000000e000000000000000, type: 0}
  m_DefaultReflectionMode: 0
  m_DefaultReflectionResolution: 128
  m_ReflectionBounces: 1
  m_ReflectionIntensity: 1
  m_CustomReflection: {fileID: 0}
  m_Sun: {fileID: 0}
  m_IndirectSpecularColor: {r: 0, g: 0, b: 0, a: 1}
  m_UseRadianceAmbientProbe: 0
--- !u!157 &3
LightmapSettings:
  m_ObjectHideFlags: 0
  serializedVersion: 11
  m_GIWorkflowMode: 1
  m_GISettings:
    serializedVersion: 2
    m_BounceScale: 1
    m_IndirectOutputScale: 1
    m_AlbedoBoost: 1
    m_EnvironmentLightingMode: 0
    m_EnableBakedLightmaps: 0
    m_EnableRealtimeLightmaps: 0
  m_LightmapEditorSettings:
    serializedVersion: 10
    m_Resolution: 2
    m_BakeResolution: 40
    m_AtlasSize: 1024
    m_AO: 0
    m_AOMaxDistance: 1
    m_CompAOExponent: 1
    m_CompAOExponentDirect: 0
    m_Padding: 2
    m_LightmapParameters: {fileID: 0}
    m_LightmapsBakeMode: 1
    m_TextureCompression: 1
    m_FinalGather: 0
    m_FinalGatherFiltering: 1
    m_FinalGatherRayCount: 256
    m_ReflectionCompression: 2
    m_MixedBakeMode: 2
    m_BakeBackend: 0
    m_PVRSampling: 1
    m_PVRDirectSampleCount: 32
    m_PVRSampleCount: 500
    m_PVRBounces: 2
    m_PVRFilterTypeDirect: 0
    m_PVRFilterTypeIndirect: 0
    m_PVRFilterTypeAO: 0
    m_PVRFilteringMode: 1
    m_PVRCulling: 1
    m_PVRFilteringGaussRadiusDirect: 1
    m_PVRFilteringGaussRadiusIndirect: 5
    m_PVRFilteringGaussRadiusAO: 2
    m_PVRFilteringAtrousPositionSigmaDirect: 0.5
    m_PVRFilteringAtrousPositionSigmaIndirect: 2
    m_PVRFilteringAtrousPositionSigmaAO: 1
    m_ShowResolutionOverlay: 1
  m_LightingDataAsset: {fileID: 0}
  m_UseShadowmask: 1
--- !u!196 &4
NavMeshSettings:
  serializedVersion: 2
  m_ObjectHideFlags: 0
  m_BuildSettings:
    serializedVersion: 2
    agentTypeID: 0
    agentRadius: 0.5
    agentHeight: 2
    agentSlope: 45
    agentClimb: 0.4
    ledgeDropHeight: 0
    maxJumpAcrossDistance: 0
    minRegionArea: 2
    manualCellSize: 0
    cellSize: 0.16666667
    manualTileSize: 0
    tileSize: 256
    accuratePlacement: 0
    debug:
      m_Flags: 0
  m_NavMeshData: {fileID: 0}
--- !u!1001 &206978559
PrefabInstance:
  m_ObjectHideFlags: 0
  serializedVersion: 2
  m_Modification:
    m_TransformParent: {fileID: 1099037708}
    m_Modifications:
    - target: {fileID: 29098845104899563, guid: 601bc4ffde0932b489b197aa9a46bb93,
        type: 3}
      propertyPath: m_Name
      value: Block (5)
      objectReference: {fileID: 0}
    - target: {fileID: 29098845104899562, guid: 601bc4ffde0932b489b197aa9a46bb93,
        type: 3}
      propertyPath: m_LocalPosition.x
      value: 3
      objectReference: {fileID: 0}
    - target: {fileID: 29098845104899562, guid: 601bc4ffde0932b489b197aa9a46bb93,
        type: 3}
      propertyPath: m_LocalPosition.y
      value: 23
      objectReference: {fileID: 0}
    - target: {fileID: 29098845104899562, guid: 601bc4ffde0932b489b197aa9a46bb93,
        type: 3}
      propertyPath: m_LocalPosition.z
      value: 0
      objectReference: {fileID: 0}
    - target: {fileID: 29098845104899562, guid: 601bc4ffde0932b489b197aa9a46bb93,
        type: 3}
      propertyPath: m_LocalRotation.x
      value: -0
      objectReference: {fileID: 0}
    - target: {fileID: 29098845104899562, guid: 601bc4ffde0932b489b197aa9a46bb93,
        type: 3}
      propertyPath: m_LocalRotation.y
      value: -0
      objectReference: {fileID: 0}
    - target: {fileID: 29098845104899562, guid: 601bc4ffde0932b489b197aa9a46bb93,
        type: 3}
      propertyPath: m_LocalRotation.z
      value: -0
      objectReference: {fileID: 0}
    - target: {fileID: 29098845104899562, guid: 601bc4ffde0932b489b197aa9a46bb93,
        type: 3}
      propertyPath: m_LocalRotation.w
      value: 1
      objectReference: {fileID: 0}
    - target: {fileID: 29098845104899562, guid: 601bc4ffde0932b489b197aa9a46bb93,
        type: 3}
      propertyPath: m_RootOrder
      value: 5
      objectReference: {fileID: 0}
    - target: {fileID: 29098845104899562, guid: 601bc4ffde0932b489b197aa9a46bb93,
        type: 3}
      propertyPath: m_LocalEulerAnglesHint.x
      value: 0
      objectReference: {fileID: 0}
    - target: {fileID: 29098845104899562, guid: 601bc4ffde0932b489b197aa9a46bb93,
        type: 3}
      propertyPath: m_LocalEulerAnglesHint.y
      value: 0
      objectReference: {fileID: 0}
    - target: {fileID: 29098845104899562, guid: 601bc4ffde0932b489b197aa9a46bb93,
        type: 3}
      propertyPath: m_LocalEulerAnglesHint.z
      value: 0
      objectReference: {fileID: 0}
    m_RemovedComponents: []
  m_SourcePrefab: {fileID: 100100000, guid: 601bc4ffde0932b489b197aa9a46bb93, type: 3}
--- !u!4 &206978560 stripped
Transform:
  m_CorrespondingSourceObject: {fileID: 29098845104899562, guid: 601bc4ffde0932b489b197aa9a46bb93,
    type: 3}
  m_PrefabInstance: {fileID: 206978559}
  m_PrefabAsset: {fileID: 0}
--- !u!1 &495148368 stripped
GameObject:
  m_CorrespondingSourceObject: {fileID: 49905386749921096, guid: d0b2bd244706f4c408f57fa98cec560d,
    type: 3}
  m_PrefabInstance: {fileID: 49905386657471000}
  m_PrefabAsset: {fileID: 0}
--- !u!60 &495148369
PolygonCollider2D:
  m_ObjectHideFlags: 0
  m_CorrespondingSourceObject: {fileID: 0}
  m_PrefabInstance: {fileID: 0}
  m_PrefabAsset: {fileID: 0}
  m_GameObject: {fileID: 495148368}
  m_Enabled: 1
  m_Density: 1
  m_Material: {fileID: 0}
  m_IsTrigger: 0
  m_UsedByEffector: 0
  m_UsedByComposite: 0
  m_Offset: {x: 0, y: 0}
  m_SpriteTilingProperty:
    border: {x: 0, y: 0, z: 0, w: 0}
    pivot: {x: 0.5, y: 0.5}
    oldSize: {x: 4.17, y: 4.17}
    newSize: {x: 4.17, y: 4.17}
    adaptiveTilingThreshold: 0.5
    drawMode: 0
    adaptiveTiling: 0
  m_AutoTiling: 0
  m_Points:
    m_Paths:
    - - {x: 1.7549682, y: 1.5641141}
      - {x: 1.3705754, y: 2.0653725}
      - {x: -1.3754702, y: 2.076857}
      - {x: -1.7501223, y: 1.5109992}
      - {x: -2.0846105, y: 1.001761}
      - {x: -2.085, y: -2.085}
      - {x: 2.085, y: -2.085}
      - {x: 2.0847273, y: 1.0012531}
--- !u!1001 &518894915
PrefabInstance:
  m_ObjectHideFlags: 0
  serializedVersion: 2
  m_Modification:
    m_TransformParent: {fileID: 1099037708}
    m_Modifications:
    - target: {fileID: 29098845104899563, guid: 601bc4ffde0932b489b197aa9a46bb93,
        type: 3}
      propertyPath: m_Name
      value: Block (8)
      objectReference: {fileID: 0}
    - target: {fileID: 29098845104899562, guid: 601bc4ffde0932b489b197aa9a46bb93,
        type: 3}
      propertyPath: m_LocalPosition.x
      value: 12
      objectReference: {fileID: 0}
    - target: {fileID: 29098845104899562, guid: 601bc4ffde0932b489b197aa9a46bb93,
        type: 3}
      propertyPath: m_LocalPosition.y
      value: 23
      objectReference: {fileID: 0}
    - target: {fileID: 29098845104899562, guid: 601bc4ffde0932b489b197aa9a46bb93,
        type: 3}
      propertyPath: m_LocalPosition.z
      value: 0
      objectReference: {fileID: 0}
    - target: {fileID: 29098845104899562, guid: 601bc4ffde0932b489b197aa9a46bb93,
        type: 3}
      propertyPath: m_LocalRotation.x
      value: -0
      objectReference: {fileID: 0}
    - target: {fileID: 29098845104899562, guid: 601bc4ffde0932b489b197aa9a46bb93,
        type: 3}
      propertyPath: m_LocalRotation.y
      value: -0
      objectReference: {fileID: 0}
    - target: {fileID: 29098845104899562, guid: 601bc4ffde0932b489b197aa9a46bb93,
        type: 3}
      propertyPath: m_LocalRotation.z
      value: -0
      objectReference: {fileID: 0}
    - target: {fileID: 29098845104899562, guid: 601bc4ffde0932b489b197aa9a46bb93,
        type: 3}
      propertyPath: m_LocalRotation.w
      value: 1
      objectReference: {fileID: 0}
    - target: {fileID: 29098845104899562, guid: 601bc4ffde0932b489b197aa9a46bb93,
        type: 3}
      propertyPath: m_RootOrder
      value: 8
      objectReference: {fileID: 0}
    - target: {fileID: 29098845104899562, guid: 601bc4ffde0932b489b197aa9a46bb93,
        type: 3}
      propertyPath: m_LocalEulerAnglesHint.x
      value: 0
      objectReference: {fileID: 0}
    - target: {fileID: 29098845104899562, guid: 601bc4ffde0932b489b197aa9a46bb93,
        type: 3}
      propertyPath: m_LocalEulerAnglesHint.y
      value: 0
      objectReference: {fileID: 0}
    - target: {fileID: 29098845104899562, guid: 601bc4ffde0932b489b197aa9a46bb93,
        type: 3}
      propertyPath: m_LocalEulerAnglesHint.z
      value: 0
      objectReference: {fileID: 0}
    m_RemovedComponents: []
  m_SourcePrefab: {fileID: 100100000, guid: 601bc4ffde0932b489b197aa9a46bb93, type: 3}
--- !u!4 &518894916 stripped
Transform:
  m_CorrespondingSourceObject: {fileID: 29098845104899562, guid: 601bc4ffde0932b489b197aa9a46bb93,
    type: 3}
  m_PrefabInstance: {fileID: 518894915}
  m_PrefabAsset: {fileID: 0}
--- !u!1 &519420028
GameObject:
  m_ObjectHideFlags: 0
  m_CorrespondingSourceObject: {fileID: 0}
  m_PrefabInstance: {fileID: 0}
  m_PrefabAsset: {fileID: 0}
  serializedVersion: 6
  m_Component:
  - component: {fileID: 519420032}
  - component: {fileID: 519420031}
  - component: {fileID: 519420029}
  m_Layer: 0
  m_Name: Main Camera
  m_TagString: MainCamera
  m_Icon: {fileID: 0}
  m_NavMeshLayer: 0
  m_StaticEditorFlags: 0
  m_IsActive: 1
--- !u!81 &519420029
AudioListener:
  m_ObjectHideFlags: 0
  m_CorrespondingSourceObject: {fileID: 0}
  m_PrefabInstance: {fileID: 0}
  m_PrefabAsset: {fileID: 0}
  m_GameObject: {fileID: 519420028}
  m_Enabled: 1
--- !u!20 &519420031
Camera:
  m_ObjectHideFlags: 0
  m_CorrespondingSourceObject: {fileID: 0}
  m_PrefabInstance: {fileID: 0}
  m_PrefabAsset: {fileID: 0}
  m_GameObject: {fileID: 519420028}
  m_Enabled: 1
  serializedVersion: 2
  m_ClearFlags: 2
  m_BackGroundColor: {r: 0, g: 0, b: 0, a: 0}
  m_projectionMatrixMode: 1
  m_SensorSize: {x: 36, y: 24}
  m_LensShift: {x: 0, y: 0}
  m_GateFitMode: 2
  m_FocalLength: 50
  m_NormalizedViewPortRect:
    serializedVersion: 2
    x: 0
    y: 0
    width: 1
    height: 1
  near clip plane: 0.3
  far clip plane: 1000
  field of view: 60
  orthographic: 1
  orthographic size: 16
  m_Depth: -1
  m_CullingMask:
    serializedVersion: 2
    m_Bits: 4294967295
  m_RenderingPath: -1
  m_TargetTexture: {fileID: 0}
  m_TargetDisplay: 0
  m_TargetEye: 0
  m_HDR: 1
  m_AllowMSAA: 0
  m_AllowDynamicResolution: 0
  m_ForceIntoRT: 0
  m_OcclusionCulling: 0
  m_StereoConvergence: 10
  m_StereoSeparation: 0.022
--- !u!4 &519420032
Transform:
  m_ObjectHideFlags: 0
  m_CorrespondingSourceObject: {fileID: 0}
  m_PrefabInstance: {fileID: 0}
  m_PrefabAsset: {fileID: 0}
  m_GameObject: {fileID: 519420028}
  m_LocalRotation: {x: 0, y: 0, z: 0, w: 1}
  m_LocalPosition: {x: 9, y: 16, z: -10}
  m_LocalScale: {x: 1, y: 1, z: 1}
  m_Children: []
  m_Father: {fileID: 0}
  m_RootOrder: 0
  m_LocalEulerAnglesHint: {x: 0, y: 0, z: 0}
--- !u!1001 &582242645
PrefabInstance:
  m_ObjectHideFlags: 0
  serializedVersion: 2
  m_Modification:
    m_TransformParent: {fileID: 1099037708}
    m_Modifications:
    - target: {fileID: 29098845104899563, guid: 601bc4ffde0932b489b197aa9a46bb93,
        type: 3}
      propertyPath: m_Name
      value: Block (7)
      objectReference: {fileID: 0}
    - target: {fileID: 29098845104899562, guid: 601bc4ffde0932b489b197aa9a46bb93,
        type: 3}
      propertyPath: m_LocalPosition.x
      value: 9
      objectReference: {fileID: 0}
    - target: {fileID: 29098845104899562, guid: 601bc4ffde0932b489b197aa9a46bb93,
        type: 3}
      propertyPath: m_LocalPosition.y
      value: 23
      objectReference: {fileID: 0}
    - target: {fileID: 29098845104899562, guid: 601bc4ffde0932b489b197aa9a46bb93,
        type: 3}
      propertyPath: m_LocalPosition.z
      value: 0
      objectReference: {fileID: 0}
    - target: {fileID: 29098845104899562, guid: 601bc4ffde0932b489b197aa9a46bb93,
        type: 3}
      propertyPath: m_LocalRotation.x
      value: -0
      objectReference: {fileID: 0}
    - target: {fileID: 29098845104899562, guid: 601bc4ffde0932b489b197aa9a46bb93,
        type: 3}
      propertyPath: m_LocalRotation.y
      value: -0
      objectReference: {fileID: 0}
    - target: {fileID: 29098845104899562, guid: 601bc4ffde0932b489b197aa9a46bb93,
        type: 3}
      propertyPath: m_LocalRotation.z
      value: -0
      objectReference: {fileID: 0}
    - target: {fileID: 29098845104899562, guid: 601bc4ffde0932b489b197aa9a46bb93,
        type: 3}
      propertyPath: m_LocalRotation.w
      value: 1
      objectReference: {fileID: 0}
    - target: {fileID: 29098845104899562, guid: 601bc4ffde0932b489b197aa9a46bb93,
        type: 3}
      propertyPath: m_RootOrder
      value: 7
      objectReference: {fileID: 0}
    - target: {fileID: 29098845104899562, guid: 601bc4ffde0932b489b197aa9a46bb93,
        type: 3}
      propertyPath: m_LocalEulerAnglesHint.x
      value: 0
      objectReference: {fileID: 0}
    - target: {fileID: 29098845104899562, guid: 601bc4ffde0932b489b197aa9a46bb93,
        type: 3}
      propertyPath: m_LocalEulerAnglesHint.y
      value: 0
      objectReference: {fileID: 0}
    - target: {fileID: 29098845104899562, guid: 601bc4ffde0932b489b197aa9a46bb93,
        type: 3}
      propertyPath: m_LocalEulerAnglesHint.z
      value: 0
      objectReference: {fileID: 0}
    m_RemovedComponents: []
  m_SourcePrefab: {fileID: 100100000, guid: 601bc4ffde0932b489b197aa9a46bb93, type: 3}
--- !u!4 &582242646 stripped
Transform:
  m_CorrespondingSourceObject: {fileID: 29098845104899562, guid: 601bc4ffde0932b489b197aa9a46bb93,
    type: 3}
  m_PrefabInstance: {fileID: 582242645}
  m_PrefabAsset: {fileID: 0}
--- !u!1 &614916632
GameObject:
  m_ObjectHideFlags: 0
  m_CorrespondingSourceObject: {fileID: 0}
  m_PrefabInstance: {fileID: 0}
  m_PrefabAsset: {fileID: 0}
  serializedVersion: 6
  m_Component:
  - component: {fileID: 614916635}
  - component: {fileID: 614916634}
  - component: {fileID: 614916633}
  m_Layer: 0
  m_Name: EventSystem
  m_TagString: Untagged
  m_Icon: {fileID: 0}
  m_NavMeshLayer: 0
  m_StaticEditorFlags: 0
  m_IsActive: 1
--- !u!114 &614916633
MonoBehaviour:
  m_ObjectHideFlags: 0
  m_CorrespondingSourceObject: {fileID: 0}
  m_PrefabInstance: {fileID: 0}
  m_PrefabAsset: {fileID: 0}
  m_GameObject: {fileID: 614916632}
  m_Enabled: 1
  m_EditorHideFlags: 0
  m_Script: {fileID: 1077351063, guid: f70555f144d8491a825f0804e09c671c, type: 3}
  m_Name: 
  m_EditorClassIdentifier: 
  m_HorizontalAxis: Horizontal
  m_VerticalAxis: Vertical
  m_SubmitButton: Submit
  m_CancelButton: Cancel
  m_InputActionsPerSecond: 10
  m_RepeatDelay: 0.5
  m_ForceModuleActive: 0
--- !u!114 &614916634
MonoBehaviour:
  m_ObjectHideFlags: 0
  m_CorrespondingSourceObject: {fileID: 0}
  m_PrefabInstance: {fileID: 0}
  m_PrefabAsset: {fileID: 0}
  m_GameObject: {fileID: 614916632}
  m_Enabled: 1
  m_EditorHideFlags: 0
  m_Script: {fileID: -619905303, guid: f70555f144d8491a825f0804e09c671c, type: 3}
  m_Name: 
  m_EditorClassIdentifier: 
  m_FirstSelected: {fileID: 0}
  m_sendNavigationEvents: 1
  m_DragThreshold: 10
--- !u!4 &614916635
Transform:
  m_ObjectHideFlags: 0
  m_CorrespondingSourceObject: {fileID: 0}
  m_PrefabInstance: {fileID: 0}
  m_PrefabAsset: {fileID: 0}
  m_GameObject: {fileID: 614916632}
  m_LocalRotation: {x: 0, y: 0, z: 0, w: 1}
  m_LocalPosition: {x: 0, y: 0, z: 0}
  m_LocalScale: {x: 1, y: 1, z: 1}
  m_Children: []
  m_Father: {fileID: 0}
  m_RootOrder: 2
  m_LocalEulerAnglesHint: {x: 0, y: 0, z: 0}
--- !u!4 &704776115 stripped
Transform:
  m_CorrespondingSourceObject: {fileID: 29098845104899562, guid: 601bc4ffde0932b489b197aa9a46bb93,
    type: 3}
  m_PrefabInstance: {fileID: 29098845809410649}
  m_PrefabAsset: {fileID: 0}
--- !u!1001 &740242436
PrefabInstance:
  m_ObjectHideFlags: 0
  serializedVersion: 2
  m_Modification:
    m_TransformParent: {fileID: 0}
    m_Modifications:
    - target: {fileID: 4322366014478997849, guid: 8c8ff9aebf92bb34a8a7361e6ec4020f,
        type: 3}
      propertyPath: m_Name
      value: Enemy 2
      objectReference: {fileID: 0}
    - target: {fileID: 4322366014478997851, guid: 8c8ff9aebf92bb34a8a7361e6ec4020f,
        type: 3}
      propertyPath: m_LocalPosition.x
      value: 9
      objectReference: {fileID: 0}
    - target: {fileID: 4322366014478997851, guid: 8c8ff9aebf92bb34a8a7361e6ec4020f,
        type: 3}
      propertyPath: m_LocalPosition.y
      value: 31.5
      objectReference: {fileID: 0}
    - target: {fileID: 4322366014478997851, guid: 8c8ff9aebf92bb34a8a7361e6ec4020f,
        type: 3}
      propertyPath: m_LocalPosition.z
      value: 0
      objectReference: {fileID: 0}
    - target: {fileID: 4322366014478997851, guid: 8c8ff9aebf92bb34a8a7361e6ec4020f,
        type: 3}
      propertyPath: m_LocalRotation.x
      value: 1
      objectReference: {fileID: 0}
    - target: {fileID: 4322366014478997851, guid: 8c8ff9aebf92bb34a8a7361e6ec4020f,
        type: 3}
      propertyPath: m_LocalRotation.y
      value: 0
      objectReference: {fileID: 0}
    - target: {fileID: 4322366014478997851, guid: 8c8ff9aebf92bb34a8a7361e6ec4020f,
        type: 3}
      propertyPath: m_LocalRotation.z
      value: 0
      objectReference: {fileID: 0}
    - target: {fileID: 4322366014478997851, guid: 8c8ff9aebf92bb34a8a7361e6ec4020f,
        type: 3}
      propertyPath: m_LocalRotation.w
      value: 0
      objectReference: {fileID: 0}
    - target: {fileID: 4322366014478997851, guid: 8c8ff9aebf92bb34a8a7361e6ec4020f,
        type: 3}
      propertyPath: m_RootOrder
      value: 4
      objectReference: {fileID: 0}
    - target: {fileID: 4322366014478997851, guid: 8c8ff9aebf92bb34a8a7361e6ec4020f,
        type: 3}
      propertyPath: m_LocalEulerAnglesHint.x
      value: 180
      objectReference: {fileID: 0}
    - target: {fileID: 4322366014478997851, guid: 8c8ff9aebf92bb34a8a7361e6ec4020f,
        type: 3}
      propertyPath: m_LocalEulerAnglesHint.y
      value: 0
      objectReference: {fileID: 0}
    - target: {fileID: 4322366014478997851, guid: 8c8ff9aebf92bb34a8a7361e6ec4020f,
        type: 3}
      propertyPath: m_LocalEulerAnglesHint.z
      value: 0
      objectReference: {fileID: 0}
    m_RemovedComponents: []
  m_SourcePrefab: {fileID: 100100000, guid: 8c8ff9aebf92bb34a8a7361e6ec4020f, type: 3}
--- !u!1001 &908468659
PrefabInstance:
  m_ObjectHideFlags: 0
  serializedVersion: 2
  m_Modification:
    m_TransformParent: {fileID: 1099037708}
    m_Modifications:
    - target: {fileID: 29098845104899563, guid: 601bc4ffde0932b489b197aa9a46bb93,
        type: 3}
      propertyPath: m_Name
      value: Block (2)
      objectReference: {fileID: 0}
    - target: {fileID: 29098845104899562, guid: 601bc4ffde0932b489b197aa9a46bb93,
        type: 3}
      propertyPath: m_LocalPosition.x
      value: 9
      objectReference: {fileID: 0}
    - target: {fileID: 29098845104899562, guid: 601bc4ffde0932b489b197aa9a46bb93,
        type: 3}
      propertyPath: m_LocalPosition.y
      value: 12
      objectReference: {fileID: 0}
    - target: {fileID: 29098845104899562, guid: 601bc4ffde0932b489b197aa9a46bb93,
        type: 3}
      propertyPath: m_LocalPosition.z
      value: 0
      objectReference: {fileID: 0}
    - target: {fileID: 29098845104899562, guid: 601bc4ffde0932b489b197aa9a46bb93,
        type: 3}
      propertyPath: m_LocalRotation.x
      value: -0
      objectReference: {fileID: 0}
    - target: {fileID: 29098845104899562, guid: 601bc4ffde0932b489b197aa9a46bb93,
        type: 3}
      propertyPath: m_LocalRotation.y
      value: -0
      objectReference: {fileID: 0}
    - target: {fileID: 29098845104899562, guid: 601bc4ffde0932b489b197aa9a46bb93,
        type: 3}
      propertyPath: m_LocalRotation.z
      value: -0
      objectReference: {fileID: 0}
    - target: {fileID: 29098845104899562, guid: 601bc4ffde0932b489b197aa9a46bb93,
        type: 3}
      propertyPath: m_LocalRotation.w
      value: 1
      objectReference: {fileID: 0}
    - target: {fileID: 29098845104899562, guid: 601bc4ffde0932b489b197aa9a46bb93,
        type: 3}
      propertyPath: m_RootOrder
      value: 2
      objectReference: {fileID: 0}
    - target: {fileID: 29098845104899562, guid: 601bc4ffde0932b489b197aa9a46bb93,
        type: 3}
      propertyPath: m_LocalEulerAnglesHint.x
      value: 0
      objectReference: {fileID: 0}
    - target: {fileID: 29098845104899562, guid: 601bc4ffde0932b489b197aa9a46bb93,
        type: 3}
      propertyPath: m_LocalEulerAnglesHint.y
      value: 0
      objectReference: {fileID: 0}
    - target: {fileID: 29098845104899562, guid: 601bc4ffde0932b489b197aa9a46bb93,
        type: 3}
      propertyPath: m_LocalEulerAnglesHint.z
      value: 0
      objectReference: {fileID: 0}
    m_RemovedComponents: []
  m_SourcePrefab: {fileID: 100100000, guid: 601bc4ffde0932b489b197aa9a46bb93, type: 3}
--- !u!4 &908468660 stripped
Transform:
  m_CorrespondingSourceObject: {fileID: 29098845104899562, guid: 601bc4ffde0932b489b197aa9a46bb93,
    type: 3}
  m_PrefabInstance: {fileID: 908468659}
  m_PrefabAsset: {fileID: 0}
--- !u!114 &925503091 stripped
MonoBehaviour:
  m_CorrespondingSourceObject: {fileID: 3078668761149599060, guid: a5ba4ee0df4ade240973f5c6a1743193,
    type: 3}
  m_PrefabInstance: {fileID: 3078668762036298535}
  m_PrefabAsset: {fileID: 0}
  m_GameObject: {fileID: 0}
  m_Enabled: 1
  m_EditorHideFlags: 0
  m_Script: {fileID: 708705254, guid: f70555f144d8491a825f0804e09c671c, type: 3}
  m_Name: 
  m_EditorClassIdentifier: 
--- !u!1 &1099037707
GameObject:
  m_ObjectHideFlags: 0
  m_CorrespondingSourceObject: {fileID: 0}
  m_PrefabInstance: {fileID: 0}
  m_PrefabAsset: {fileID: 0}
  serializedVersion: 6
  m_Component:
  - component: {fileID: 1099037708}
  m_Layer: 0
  m_Name: Blocks
  m_TagString: Untagged
  m_Icon: {fileID: 0}
  m_NavMeshLayer: 0
  m_StaticEditorFlags: 0
  m_IsActive: 0
--- !u!4 &1099037708
Transform:
  m_ObjectHideFlags: 0
  m_CorrespondingSourceObject: {fileID: 0}
  m_PrefabInstance: {fileID: 0}
  m_PrefabAsset: {fileID: 0}
  m_GameObject: {fileID: 1099037707}
  m_LocalRotation: {x: 0, y: 0, z: 0, w: 1}
  m_LocalPosition: {x: 0, y: 0, z: 0}
  m_LocalScale: {x: 1, y: 1, z: 1}
  m_Children:
  - {fileID: 704776115}
  - {fileID: 1826399793}
  - {fileID: 908468660}
  - {fileID: 2002046187}
  - {fileID: 1584327289}
  - {fileID: 206978560}
  - {fileID: 1523166699}
  - {fileID: 582242646}
  - {fileID: 518894916}
  - {fileID: 1348541708}
  m_Father: {fileID: 0}
  m_RootOrder: 8
  m_LocalEulerAnglesHint: {x: 0, y: 0, z: 0}
--- !u!114 &1344719106 stripped
MonoBehaviour:
  m_CorrespondingSourceObject: {fileID: 3078668760696302117, guid: a5ba4ee0df4ade240973f5c6a1743193,
    type: 3}
  m_PrefabInstance: {fileID: 3078668762036298535}
  m_PrefabAsset: {fileID: 0}
  m_GameObject: {fileID: 0}
  m_Enabled: 1
  m_EditorHideFlags: 0
  m_Script: {fileID: 708705254, guid: f70555f144d8491a825f0804e09c671c, type: 3}
  m_Name: 
  m_EditorClassIdentifier: 
--- !u!1001 &1348541707
PrefabInstance:
  m_ObjectHideFlags: 0
  serializedVersion: 2
  m_Modification:
    m_TransformParent: {fileID: 1099037708}
    m_Modifications:
    - target: {fileID: 29098845104899563, guid: 601bc4ffde0932b489b197aa9a46bb93,
        type: 3}
      propertyPath: m_Name
      value: Block (9)
      objectReference: {fileID: 0}
    - target: {fileID: 29098845104899562, guid: 601bc4ffde0932b489b197aa9a46bb93,
        type: 3}
      propertyPath: m_LocalPosition.x
      value: 15
      objectReference: {fileID: 0}
    - target: {fileID: 29098845104899562, guid: 601bc4ffde0932b489b197aa9a46bb93,
        type: 3}
      propertyPath: m_LocalPosition.y
      value: 23
      objectReference: {fileID: 0}
    - target: {fileID: 29098845104899562, guid: 601bc4ffde0932b489b197aa9a46bb93,
        type: 3}
      propertyPath: m_LocalPosition.z
      value: 0
      objectReference: {fileID: 0}
    - target: {fileID: 29098845104899562, guid: 601bc4ffde0932b489b197aa9a46bb93,
        type: 3}
      propertyPath: m_LocalRotation.x
      value: -0
      objectReference: {fileID: 0}
    - target: {fileID: 29098845104899562, guid: 601bc4ffde0932b489b197aa9a46bb93,
        type: 3}
      propertyPath: m_LocalRotation.y
      value: -0
      objectReference: {fileID: 0}
    - target: {fileID: 29098845104899562, guid: 601bc4ffde0932b489b197aa9a46bb93,
        type: 3}
      propertyPath: m_LocalRotation.z
      value: -0
      objectReference: {fileID: 0}
    - target: {fileID: 29098845104899562, guid: 601bc4ffde0932b489b197aa9a46bb93,
        type: 3}
      propertyPath: m_LocalRotation.w
      value: 1
      objectReference: {fileID: 0}
    - target: {fileID: 29098845104899562, guid: 601bc4ffde0932b489b197aa9a46bb93,
        type: 3}
      propertyPath: m_RootOrder
      value: 9
      objectReference: {fileID: 0}
    - target: {fileID: 29098845104899562, guid: 601bc4ffde0932b489b197aa9a46bb93,
        type: 3}
      propertyPath: m_LocalEulerAnglesHint.x
      value: 0
      objectReference: {fileID: 0}
    - target: {fileID: 29098845104899562, guid: 601bc4ffde0932b489b197aa9a46bb93,
        type: 3}
      propertyPath: m_LocalEulerAnglesHint.y
      value: 0
      objectReference: {fileID: 0}
    - target: {fileID: 29098845104899562, guid: 601bc4ffde0932b489b197aa9a46bb93,
        type: 3}
      propertyPath: m_LocalEulerAnglesHint.z
      value: 0
      objectReference: {fileID: 0}
    m_RemovedComponents: []
  m_SourcePrefab: {fileID: 100100000, guid: 601bc4ffde0932b489b197aa9a46bb93, type: 3}
--- !u!4 &1348541708 stripped
Transform:
  m_CorrespondingSourceObject: {fileID: 29098845104899562, guid: 601bc4ffde0932b489b197aa9a46bb93,
    type: 3}
  m_PrefabInstance: {fileID: 1348541707}
  m_PrefabAsset: {fileID: 0}
--- !u!1001 &1402152722
PrefabInstance:
  m_ObjectHideFlags: 0
  serializedVersion: 2
  m_Modification:
    m_TransformParent: {fileID: 0}
    m_Modifications:
    - target: {fileID: 1545283429968003619, guid: 50431e8bc51821e42ba75de157cc7300,
        type: 3}
      propertyPath: m_Name
      value: SceneLoader
      objectReference: {fileID: 0}
    - target: {fileID: 1545283429968003618, guid: 50431e8bc51821e42ba75de157cc7300,
        type: 3}
      propertyPath: m_LocalPosition.x
      value: 0
      objectReference: {fileID: 0}
    - target: {fileID: 1545283429968003618, guid: 50431e8bc51821e42ba75de157cc7300,
        type: 3}
      propertyPath: m_LocalPosition.y
      value: 0
      objectReference: {fileID: 0}
    - target: {fileID: 1545283429968003618, guid: 50431e8bc51821e42ba75de157cc7300,
        type: 3}
      propertyPath: m_LocalPosition.z
      value: 0
      objectReference: {fileID: 0}
    - target: {fileID: 1545283429968003618, guid: 50431e8bc51821e42ba75de157cc7300,
        type: 3}
      propertyPath: m_LocalRotation.x
      value: 0
      objectReference: {fileID: 0}
    - target: {fileID: 1545283429968003618, guid: 50431e8bc51821e42ba75de157cc7300,
        type: 3}
      propertyPath: m_LocalRotation.y
      value: 0
      objectReference: {fileID: 0}
    - target: {fileID: 1545283429968003618, guid: 50431e8bc51821e42ba75de157cc7300,
        type: 3}
      propertyPath: m_LocalRotation.z
      value: 0
      objectReference: {fileID: 0}
    - target: {fileID: 1545283429968003618, guid: 50431e8bc51821e42ba75de157cc7300,
        type: 3}
      propertyPath: m_LocalRotation.w
      value: 1
      objectReference: {fileID: 0}
    - target: {fileID: 1545283429968003618, guid: 50431e8bc51821e42ba75de157cc7300,
        type: 3}
      propertyPath: m_RootOrder
      value: 7
      objectReference: {fileID: 0}
    - target: {fileID: 1545283429968003618, guid: 50431e8bc51821e42ba75de157cc7300,
        type: 3}
      propertyPath: m_LocalEulerAnglesHint.x
      value: 0
      objectReference: {fileID: 0}
    - target: {fileID: 1545283429968003618, guid: 50431e8bc51821e42ba75de157cc7300,
        type: 3}
      propertyPath: m_LocalEulerAnglesHint.y
      value: 0
      objectReference: {fileID: 0}
    - target: {fileID: 1545283429968003618, guid: 50431e8bc51821e42ba75de157cc7300,
        type: 3}
      propertyPath: m_LocalEulerAnglesHint.z
      value: 0
      objectReference: {fileID: 0}
    m_RemovedComponents: []
  m_SourcePrefab: {fileID: 100100000, guid: 50431e8bc51821e42ba75de157cc7300, type: 3}
--- !u!1001 &1523166698
PrefabInstance:
  m_ObjectHideFlags: 0
  serializedVersion: 2
  m_Modification:
    m_TransformParent: {fileID: 1099037708}
    m_Modifications:
    - target: {fileID: 29098845104899563, guid: 601bc4ffde0932b489b197aa9a46bb93,
        type: 3}
      propertyPath: m_Name
      value: Block (6)
      objectReference: {fileID: 0}
    - target: {fileID: 29098845104899562, guid: 601bc4ffde0932b489b197aa9a46bb93,
        type: 3}
      propertyPath: m_LocalPosition.x
      value: 6
      objectReference: {fileID: 0}
    - target: {fileID: 29098845104899562, guid: 601bc4ffde0932b489b197aa9a46bb93,
        type: 3}
      propertyPath: m_LocalPosition.y
      value: 23
      objectReference: {fileID: 0}
    - target: {fileID: 29098845104899562, guid: 601bc4ffde0932b489b197aa9a46bb93,
        type: 3}
      propertyPath: m_LocalPosition.z
      value: 0
      objectReference: {fileID: 0}
    - target: {fileID: 29098845104899562, guid: 601bc4ffde0932b489b197aa9a46bb93,
        type: 3}
      propertyPath: m_LocalRotation.x
      value: -0
      objectReference: {fileID: 0}
    - target: {fileID: 29098845104899562, guid: 601bc4ffde0932b489b197aa9a46bb93,
        type: 3}
      propertyPath: m_LocalRotation.y
      value: -0
      objectReference: {fileID: 0}
    - target: {fileID: 29098845104899562, guid: 601bc4ffde0932b489b197aa9a46bb93,
        type: 3}
      propertyPath: m_LocalRotation.z
      value: -0
      objectReference: {fileID: 0}
    - target: {fileID: 29098845104899562, guid: 601bc4ffde0932b489b197aa9a46bb93,
        type: 3}
      propertyPath: m_LocalRotation.w
      value: 1
      objectReference: {fileID: 0}
    - target: {fileID: 29098845104899562, guid: 601bc4ffde0932b489b197aa9a46bb93,
        type: 3}
      propertyPath: m_RootOrder
      value: 6
      objectReference: {fileID: 0}
    - target: {fileID: 29098845104899562, guid: 601bc4ffde0932b489b197aa9a46bb93,
        type: 3}
      propertyPath: m_LocalEulerAnglesHint.x
      value: 0
      objectReference: {fileID: 0}
    - target: {fileID: 29098845104899562, guid: 601bc4ffde0932b489b197aa9a46bb93,
        type: 3}
      propertyPath: m_LocalEulerAnglesHint.y
      value: 0
      objectReference: {fileID: 0}
    - target: {fileID: 29098845104899562, guid: 601bc4ffde0932b489b197aa9a46bb93,
        type: 3}
      propertyPath: m_LocalEulerAnglesHint.z
      value: 0
      objectReference: {fileID: 0}
    m_RemovedComponents: []
  m_SourcePrefab: {fileID: 100100000, guid: 601bc4ffde0932b489b197aa9a46bb93, type: 3}
--- !u!4 &1523166699 stripped
Transform:
  m_CorrespondingSourceObject: {fileID: 29098845104899562, guid: 601bc4ffde0932b489b197aa9a46bb93,
    type: 3}
  m_PrefabInstance: {fileID: 1523166698}
  m_PrefabAsset: {fileID: 0}
--- !u!1001 &1584327288
PrefabInstance:
  m_ObjectHideFlags: 0
  serializedVersion: 2
  m_Modification:
    m_TransformParent: {fileID: 1099037708}
    m_Modifications:
    - target: {fileID: 29098845104899563, guid: 601bc4ffde0932b489b197aa9a46bb93,
        type: 3}
      propertyPath: m_Name
      value: Block (4)
      objectReference: {fileID: 0}
    - target: {fileID: 29098845104899562, guid: 601bc4ffde0932b489b197aa9a46bb93,
        type: 3}
      propertyPath: m_LocalPosition.x
      value: 15
      objectReference: {fileID: 0}
    - target: {fileID: 29098845104899562, guid: 601bc4ffde0932b489b197aa9a46bb93,
        type: 3}
      propertyPath: m_LocalPosition.y
      value: 12
      objectReference: {fileID: 0}
    - target: {fileID: 29098845104899562, guid: 601bc4ffde0932b489b197aa9a46bb93,
        type: 3}
      propertyPath: m_LocalPosition.z
      value: 0
      objectReference: {fileID: 0}
    - target: {fileID: 29098845104899562, guid: 601bc4ffde0932b489b197aa9a46bb93,
        type: 3}
      propertyPath: m_LocalRotation.x
      value: -0
      objectReference: {fileID: 0}
    - target: {fileID: 29098845104899562, guid: 601bc4ffde0932b489b197aa9a46bb93,
        type: 3}
      propertyPath: m_LocalRotation.y
      value: -0
      objectReference: {fileID: 0}
    - target: {fileID: 29098845104899562, guid: 601bc4ffde0932b489b197aa9a46bb93,
        type: 3}
      propertyPath: m_LocalRotation.z
      value: -0
      objectReference: {fileID: 0}
    - target: {fileID: 29098845104899562, guid: 601bc4ffde0932b489b197aa9a46bb93,
        type: 3}
      propertyPath: m_LocalRotation.w
      value: 1
      objectReference: {fileID: 0}
    - target: {fileID: 29098845104899562, guid: 601bc4ffde0932b489b197aa9a46bb93,
        type: 3}
      propertyPath: m_RootOrder
      value: 4
      objectReference: {fileID: 0}
    - target: {fileID: 29098845104899562, guid: 601bc4ffde0932b489b197aa9a46bb93,
        type: 3}
      propertyPath: m_LocalEulerAnglesHint.x
      value: 0
      objectReference: {fileID: 0}
    - target: {fileID: 29098845104899562, guid: 601bc4ffde0932b489b197aa9a46bb93,
        type: 3}
      propertyPath: m_LocalEulerAnglesHint.y
      value: 0
      objectReference: {fileID: 0}
    - target: {fileID: 29098845104899562, guid: 601bc4ffde0932b489b197aa9a46bb93,
        type: 3}
      propertyPath: m_LocalEulerAnglesHint.z
      value: 0
      objectReference: {fileID: 0}
    m_RemovedComponents: []
  m_SourcePrefab: {fileID: 100100000, guid: 601bc4ffde0932b489b197aa9a46bb93, type: 3}
--- !u!4 &1584327289 stripped
Transform:
  m_CorrespondingSourceObject: {fileID: 29098845104899562, guid: 601bc4ffde0932b489b197aa9a46bb93,
    type: 3}
  m_PrefabInstance: {fileID: 1584327288}
  m_PrefabAsset: {fileID: 0}
--- !u!114 &1717445526 stripped
MonoBehaviour:
  m_CorrespondingSourceObject: {fileID: 3078668760322523313, guid: a5ba4ee0df4ade240973f5c6a1743193,
    type: 3}
  m_PrefabInstance: {fileID: 3078668762036298535}
  m_PrefabAsset: {fileID: 0}
  m_GameObject: {fileID: 0}
  m_Enabled: 1
  m_EditorHideFlags: 0
  m_Script: {fileID: 708705254, guid: f70555f144d8491a825f0804e09c671c, type: 3}
  m_Name: 
  m_EditorClassIdentifier: 
--- !u!114 &1822684480 stripped
MonoBehaviour:
  m_CorrespondingSourceObject: {fileID: 3078668760503031399, guid: a5ba4ee0df4ade240973f5c6a1743193,
    type: 3}
  m_PrefabInstance: {fileID: 3078668762036298535}
  m_PrefabAsset: {fileID: 0}
  m_GameObject: {fileID: 0}
  m_Enabled: 1
  m_EditorHideFlags: 0
  m_Script: {fileID: 708705254, guid: f70555f144d8491a825f0804e09c671c, type: 3}
  m_Name: 
  m_EditorClassIdentifier: 
--- !u!1001 &1826399792
PrefabInstance:
  m_ObjectHideFlags: 0
  serializedVersion: 2
  m_Modification:
    m_TransformParent: {fileID: 1099037708}
    m_Modifications:
    - target: {fileID: 29098845104899563, guid: 601bc4ffde0932b489b197aa9a46bb93,
        type: 3}
      propertyPath: m_Name
      value: Block (1)
      objectReference: {fileID: 0}
    - target: {fileID: 29098845104899562, guid: 601bc4ffde0932b489b197aa9a46bb93,
        type: 3}
      propertyPath: m_LocalPosition.x
      value: 6
      objectReference: {fileID: 0}
    - target: {fileID: 29098845104899562, guid: 601bc4ffde0932b489b197aa9a46bb93,
        type: 3}
      propertyPath: m_LocalPosition.y
      value: 12
      objectReference: {fileID: 0}
    - target: {fileID: 29098845104899562, guid: 601bc4ffde0932b489b197aa9a46bb93,
        type: 3}
      propertyPath: m_LocalPosition.z
      value: 0
      objectReference: {fileID: 0}
    - target: {fileID: 29098845104899562, guid: 601bc4ffde0932b489b197aa9a46bb93,
        type: 3}
      propertyPath: m_LocalRotation.x
      value: -0
      objectReference: {fileID: 0}
    - target: {fileID: 29098845104899562, guid: 601bc4ffde0932b489b197aa9a46bb93,
        type: 3}
      propertyPath: m_LocalRotation.y
      value: -0
      objectReference: {fileID: 0}
    - target: {fileID: 29098845104899562, guid: 601bc4ffde0932b489b197aa9a46bb93,
        type: 3}
      propertyPath: m_LocalRotation.z
      value: -0
      objectReference: {fileID: 0}
    - target: {fileID: 29098845104899562, guid: 601bc4ffde0932b489b197aa9a46bb93,
        type: 3}
      propertyPath: m_LocalRotation.w
      value: 1
      objectReference: {fileID: 0}
    - target: {fileID: 29098845104899562, guid: 601bc4ffde0932b489b197aa9a46bb93,
        type: 3}
      propertyPath: m_RootOrder
      value: 1
      objectReference: {fileID: 0}
    - target: {fileID: 29098845104899562, guid: 601bc4ffde0932b489b197aa9a46bb93,
        type: 3}
      propertyPath: m_LocalEulerAnglesHint.x
      value: 0
      objectReference: {fileID: 0}
    - target: {fileID: 29098845104899562, guid: 601bc4ffde0932b489b197aa9a46bb93,
        type: 3}
      propertyPath: m_LocalEulerAnglesHint.y
      value: 0
      objectReference: {fileID: 0}
    - target: {fileID: 29098845104899562, guid: 601bc4ffde0932b489b197aa9a46bb93,
        type: 3}
      propertyPath: m_LocalEulerAnglesHint.z
      value: 0
      objectReference: {fileID: 0}
    m_RemovedComponents: []
  m_SourcePrefab: {fileID: 100100000, guid: 601bc4ffde0932b489b197aa9a46bb93, type: 3}
--- !u!4 &1826399793 stripped
Transform:
  m_CorrespondingSourceObject: {fileID: 29098845104899562, guid: 601bc4ffde0932b489b197aa9a46bb93,
    type: 3}
  m_PrefabInstance: {fileID: 1826399792}
  m_PrefabAsset: {fileID: 0}
--- !u!114 &1892825986 stripped
MonoBehaviour:
  m_CorrespondingSourceObject: {fileID: 3078668760162359461, guid: a5ba4ee0df4ade240973f5c6a1743193,
    type: 3}
  m_PrefabInstance: {fileID: 3078668762036298535}
  m_PrefabAsset: {fileID: 0}
  m_GameObject: {fileID: 0}
  m_Enabled: 1
  m_EditorHideFlags: 0
  m_Script: {fileID: 708705254, guid: f70555f144d8491a825f0804e09c671c, type: 3}
  m_Name: 
  m_EditorClassIdentifier: 
--- !u!1001 &2002046186
PrefabInstance:
  m_ObjectHideFlags: 0
  serializedVersion: 2
  m_Modification:
    m_TransformParent: {fileID: 1099037708}
    m_Modifications:
    - target: {fileID: 29098845104899563, guid: 601bc4ffde0932b489b197aa9a46bb93,
        type: 3}
      propertyPath: m_Name
      value: Block (3)
      objectReference: {fileID: 0}
    - target: {fileID: 29098845104899562, guid: 601bc4ffde0932b489b197aa9a46bb93,
        type: 3}
      propertyPath: m_LocalPosition.x
      value: 12
      objectReference: {fileID: 0}
    - target: {fileID: 29098845104899562, guid: 601bc4ffde0932b489b197aa9a46bb93,
        type: 3}
      propertyPath: m_LocalPosition.y
      value: 12
      objectReference: {fileID: 0}
    - target: {fileID: 29098845104899562, guid: 601bc4ffde0932b489b197aa9a46bb93,
        type: 3}
      propertyPath: m_LocalPosition.z
      value: 0
      objectReference: {fileID: 0}
    - target: {fileID: 29098845104899562, guid: 601bc4ffde0932b489b197aa9a46bb93,
        type: 3}
      propertyPath: m_LocalRotation.x
      value: -0
      objectReference: {fileID: 0}
    - target: {fileID: 29098845104899562, guid: 601bc4ffde0932b489b197aa9a46bb93,
        type: 3}
      propertyPath: m_LocalRotation.y
      value: -0
      objectReference: {fileID: 0}
    - target: {fileID: 29098845104899562, guid: 601bc4ffde0932b489b197aa9a46bb93,
        type: 3}
      propertyPath: m_LocalRotation.z
      value: -0
      objectReference: {fileID: 0}
    - target: {fileID: 29098845104899562, guid: 601bc4ffde0932b489b197aa9a46bb93,
        type: 3}
      propertyPath: m_LocalRotation.w
      value: 1
      objectReference: {fileID: 0}
    - target: {fileID: 29098845104899562, guid: 601bc4ffde0932b489b197aa9a46bb93,
        type: 3}
      propertyPath: m_RootOrder
      value: 3
      objectReference: {fileID: 0}
    - target: {fileID: 29098845104899562, guid: 601bc4ffde0932b489b197aa9a46bb93,
        type: 3}
      propertyPath: m_LocalEulerAnglesHint.x
      value: 0
      objectReference: {fileID: 0}
    - target: {fileID: 29098845104899562, guid: 601bc4ffde0932b489b197aa9a46bb93,
        type: 3}
      propertyPath: m_LocalEulerAnglesHint.y
      value: 0
      objectReference: {fileID: 0}
    - target: {fileID: 29098845104899562, guid: 601bc4ffde0932b489b197aa9a46bb93,
        type: 3}
      propertyPath: m_LocalEulerAnglesHint.z
      value: 0
      objectReference: {fileID: 0}
    m_RemovedComponents: []
  m_SourcePrefab: {fileID: 100100000, guid: 601bc4ffde0932b489b197aa9a46bb93, type: 3}
--- !u!4 &2002046187 stripped
Transform:
  m_CorrespondingSourceObject: {fileID: 29098845104899562, guid: 601bc4ffde0932b489b197aa9a46bb93,
    type: 3}
  m_PrefabInstance: {fileID: 2002046186}
  m_PrefabAsset: {fileID: 0}
--- !u!1 &2099508532
GameObject:
  m_ObjectHideFlags: 0
  m_CorrespondingSourceObject: {fileID: 0}
  m_PrefabInstance: {fileID: 0}
  m_PrefabAsset: {fileID: 0}
  serializedVersion: 6
  m_Component:
  - component: {fileID: 2099508533}
  - component: {fileID: 2099508534}
  m_Layer: 0
  m_Name: LevelHandler
  m_TagString: Untagged
  m_Icon: {fileID: 0}
  m_NavMeshLayer: 0
  m_StaticEditorFlags: 0
  m_IsActive: 1
--- !u!4 &2099508533
Transform:
  m_ObjectHideFlags: 0
  m_CorrespondingSourceObject: {fileID: 0}
  m_PrefabInstance: {fileID: 0}
  m_PrefabAsset: {fileID: 0}
  m_GameObject: {fileID: 2099508532}
  m_LocalRotation: {x: 0, y: 0, z: 0, w: 1}
  m_LocalPosition: {x: 0, y: 0, z: 0}
  m_LocalScale: {x: 1, y: 1, z: 1}
  m_Children: []
  m_Father: {fileID: 0}
  m_RootOrder: 6
  m_LocalEulerAnglesHint: {x: 0, y: 0, z: 0}
--- !u!114 &2099508534
MonoBehaviour:
  m_ObjectHideFlags: 0
  m_CorrespondingSourceObject: {fileID: 0}
  m_PrefabInstance: {fileID: 0}
  m_PrefabAsset: {fileID: 0}
  m_GameObject: {fileID: 2099508532}
  m_Enabled: 1
  m_EditorHideFlags: 0
  m_Script: {fileID: 11500000, guid: 18b2b939df6b1c74ba3173cb76ee029e, type: 3}
  m_Name: 
  m_EditorClassIdentifier: 
  maxScore: 3
  ball: {fileID: 5228596564253532959, guid: cd1c561c8bd03214ea4e6c1a793e3541, type: 3}
  playSpace: {fileID: 6139087225458085456}
  block: {fileID: 1099037707}
  playerScore: {fileID: 1717445526}
  enemyScore: {fileID: 1344719106}
  playerWinText: {fileID: 1892825986}
  enemyWinText: {fileID: 925503091}
  timeBeforeStartText: {fileID: 1822684480}
--- !u!1001 &29098845809410649
PrefabInstance:
  m_ObjectHideFlags: 0
  serializedVersion: 2
  m_Modification:
    m_TransformParent: {fileID: 1099037708}
    m_Modifications:
    - target: {fileID: 29098845104899563, guid: 601bc4ffde0932b489b197aa9a46bb93,
        type: 3}
      propertyPath: m_Name
      value: Block
      objectReference: {fileID: 0}
    - target: {fileID: 29098845104899562, guid: 601bc4ffde0932b489b197aa9a46bb93,
        type: 3}
      propertyPath: m_LocalPosition.x
      value: 3
      objectReference: {fileID: 0}
    - target: {fileID: 29098845104899562, guid: 601bc4ffde0932b489b197aa9a46bb93,
        type: 3}
      propertyPath: m_LocalPosition.y
      value: 12
      objectReference: {fileID: 0}
    - target: {fileID: 29098845104899562, guid: 601bc4ffde0932b489b197aa9a46bb93,
        type: 3}
      propertyPath: m_LocalPosition.z
      value: 0
      objectReference: {fileID: 0}
    - target: {fileID: 29098845104899562, guid: 601bc4ffde0932b489b197aa9a46bb93,
        type: 3}
      propertyPath: m_LocalRotation.x
      value: -0
      objectReference: {fileID: 0}
    - target: {fileID: 29098845104899562, guid: 601bc4ffde0932b489b197aa9a46bb93,
        type: 3}
      propertyPath: m_LocalRotation.y
      value: -0
      objectReference: {fileID: 0}
    - target: {fileID: 29098845104899562, guid: 601bc4ffde0932b489b197aa9a46bb93,
        type: 3}
      propertyPath: m_LocalRotation.z
      value: -0
      objectReference: {fileID: 0}
    - target: {fileID: 29098845104899562, guid: 601bc4ffde0932b489b197aa9a46bb93,
        type: 3}
      propertyPath: m_LocalRotation.w
      value: 1
      objectReference: {fileID: 0}
    - target: {fileID: 29098845104899562, guid: 601bc4ffde0932b489b197aa9a46bb93,
        type: 3}
      propertyPath: m_RootOrder
      value: 0
      objectReference: {fileID: 0}
    - target: {fileID: 29098845104899562, guid: 601bc4ffde0932b489b197aa9a46bb93,
        type: 3}
      propertyPath: m_LocalEulerAnglesHint.x
      value: 0
      objectReference: {fileID: 0}
    - target: {fileID: 29098845104899562, guid: 601bc4ffde0932b489b197aa9a46bb93,
        type: 3}
      propertyPath: m_LocalEulerAnglesHint.y
      value: 0
      objectReference: {fileID: 0}
    - target: {fileID: 29098845104899562, guid: 601bc4ffde0932b489b197aa9a46bb93,
        type: 3}
      propertyPath: m_LocalEulerAnglesHint.z
      value: 0
      objectReference: {fileID: 0}
    m_RemovedComponents: []
  m_SourcePrefab: {fileID: 100100000, guid: 601bc4ffde0932b489b197aa9a46bb93, type: 3}
--- !u!1001 &49905386657471000
PrefabInstance:
  m_ObjectHideFlags: 0
  serializedVersion: 2
  m_Modification:
    m_TransformParent: {fileID: 0}
    m_Modifications:
    - target: {fileID: 49905386749921096, guid: d0b2bd244706f4c408f57fa98cec560d,
        type: 3}
      propertyPath: m_Name
      value: Player
      objectReference: {fileID: 0}
    - target: {fileID: 49905386749921098, guid: d0b2bd244706f4c408f57fa98cec560d,
        type: 3}
      propertyPath: m_LocalPosition.x
      value: 9
      objectReference: {fileID: 0}
    - target: {fileID: 49905386749921098, guid: d0b2bd244706f4c408f57fa98cec560d,
        type: 3}
      propertyPath: m_LocalPosition.y
      value: 3
      objectReference: {fileID: 0}
    - target: {fileID: 49905386749921098, guid: d0b2bd244706f4c408f57fa98cec560d,
        type: 3}
      propertyPath: m_LocalPosition.z
      value: 0
      objectReference: {fileID: 0}
    - target: {fileID: 49905386749921098, guid: d0b2bd244706f4c408f57fa98cec560d,
        type: 3}
      propertyPath: m_LocalRotation.x
      value: 0
      objectReference: {fileID: 0}
    - target: {fileID: 49905386749921098, guid: d0b2bd244706f4c408f57fa98cec560d,
        type: 3}
      propertyPath: m_LocalRotation.y
      value: 0
      objectReference: {fileID: 0}
    - target: {fileID: 49905386749921098, guid: d0b2bd244706f4c408f57fa98cec560d,
        type: 3}
      propertyPath: m_LocalRotation.z
      value: 0
      objectReference: {fileID: 0}
    - target: {fileID: 49905386749921098, guid: d0b2bd244706f4c408f57fa98cec560d,
        type: 3}
      propertyPath: m_LocalRotation.w
      value: 1
      objectReference: {fileID: 0}
    - target: {fileID: 49905386749921098, guid: d0b2bd244706f4c408f57fa98cec560d,
        type: 3}
      propertyPath: m_RootOrder
      value: 3
      objectReference: {fileID: 0}
    - target: {fileID: 49905386749921098, guid: d0b2bd244706f4c408f57fa98cec560d,
        type: 3}
      propertyPath: m_LocalEulerAnglesHint.x
      value: 0
      objectReference: {fileID: 0}
    - target: {fileID: 49905386749921098, guid: d0b2bd244706f4c408f57fa98cec560d,
        type: 3}
      propertyPath: m_LocalEulerAnglesHint.y
      value: 0
      objectReference: {fileID: 0}
    - target: {fileID: 49905386749921098, guid: d0b2bd244706f4c408f57fa98cec560d,
        type: 3}
      propertyPath: m_LocalEulerAnglesHint.z
      value: 0
      objectReference: {fileID: 0}
    - target: {fileID: 49905386749921098, guid: d0b2bd244706f4c408f57fa98cec560d,
        type: 3}
      propertyPath: m_LocalScale.y
      value: 0.1
      objectReference: {fileID: 0}
    - target: {fileID: 49905386749921098, guid: d0b2bd244706f4c408f57fa98cec560d,
        type: 3}
      propertyPath: m_LocalScale.x
      value: 0.8
      objectReference: {fileID: 0}
    - target: {fileID: 312621483695299276, guid: d0b2bd244706f4c408f57fa98cec560d,
        type: 3}
      propertyPath: minX
      value: 1.5
      objectReference: {fileID: 0}
    - target: {fileID: 312621483695299276, guid: d0b2bd244706f4c408f57fa98cec560d,
        type: 3}
      propertyPath: maxX
      value: 16.5
      objectReference: {fileID: 0}
    m_RemovedComponents:
    - {fileID: 495148369, guid: d0b2bd244706f4c408f57fa98cec560d, type: 3}
  m_SourcePrefab: {fileID: 100100000, guid: d0b2bd244706f4c408f57fa98cec560d, type: 3}
--- !u!1001 &3078668762036298535
PrefabInstance:
  m_ObjectHideFlags: 0
  serializedVersion: 2
  m_Modification:
    m_TransformParent: {fileID: 0}
    m_Modifications:
    - target: {fileID: 3078668761718713426, guid: a5ba4ee0df4ade240973f5c6a1743193,
        type: 3}
      propertyPath: m_Name
      value: Canvas
      objectReference: {fileID: 0}
    - target: {fileID: 3078668761718713438, guid: a5ba4ee0df4ade240973f5c6a1743193,
        type: 3}
      propertyPath: m_LocalPosition.x
      value: 0
      objectReference: {fileID: 0}
    - target: {fileID: 3078668761718713438, guid: a5ba4ee0df4ade240973f5c6a1743193,
        type: 3}
      propertyPath: m_LocalPosition.y
      value: 0
      objectReference: {fileID: 0}
    - target: {fileID: 3078668761718713438, guid: a5ba4ee0df4ade240973f5c6a1743193,
        type: 3}
      propertyPath: m_LocalPosition.z
      value: 0
      objectReference: {fileID: 0}
    - target: {fileID: 3078668761718713438, guid: a5ba4ee0df4ade240973f5c6a1743193,
        type: 3}
      propertyPath: m_LocalRotation.x
      value: 0
      objectReference: {fileID: 0}
    - target: {fileID: 3078668761718713438, guid: a5ba4ee0df4ade240973f5c6a1743193,
        type: 3}
      propertyPath: m_LocalRotation.y
      value: 0
      objectReference: {fileID: 0}
    - target: {fileID: 3078668761718713438, guid: a5ba4ee0df4ade240973f5c6a1743193,
        type: 3}
      propertyPath: m_LocalRotation.z
      value: 0
      objectReference: {fileID: 0}
    - target: {fileID: 3078668761718713438, guid: a5ba4ee0df4ade240973f5c6a1743193,
        type: 3}
      propertyPath: m_LocalRotation.w
      value: 1
      objectReference: {fileID: 0}
    - target: {fileID: 3078668761718713438, guid: a5ba4ee0df4ade240973f5c6a1743193,
        type: 3}
      propertyPath: m_RootOrder
      value: 1
      objectReference: {fileID: 0}
    - target: {fileID: 3078668761718713438, guid: a5ba4ee0df4ade240973f5c6a1743193,
        type: 3}
      propertyPath: m_LocalEulerAnglesHint.x
      value: 0
      objectReference: {fileID: 0}
    - target: {fileID: 3078668761718713438, guid: a5ba4ee0df4ade240973f5c6a1743193,
        type: 3}
      propertyPath: m_LocalEulerAnglesHint.y
      value: 0
      objectReference: {fileID: 0}
    - target: {fileID: 3078668761718713438, guid: a5ba4ee0df4ade240973f5c6a1743193,
        type: 3}
      propertyPath: m_LocalEulerAnglesHint.z
      value: 0
      objectReference: {fileID: 0}
    - target: {fileID: 3078668761718713438, guid: a5ba4ee0df4ade240973f5c6a1743193,
        type: 3}
      propertyPath: m_AnchoredPosition.x
      value: 0
      objectReference: {fileID: 0}
    - target: {fileID: 3078668761718713438, guid: a5ba4ee0df4ade240973f5c6a1743193,
        type: 3}
      propertyPath: m_AnchoredPosition.y
      value: 0
      objectReference: {fileID: 0}
    - target: {fileID: 3078668761718713438, guid: a5ba4ee0df4ade240973f5c6a1743193,
        type: 3}
      propertyPath: m_SizeDelta.x
      value: 0
      objectReference: {fileID: 0}
    - target: {fileID: 3078668761718713438, guid: a5ba4ee0df4ade240973f5c6a1743193,
        type: 3}
      propertyPath: m_SizeDelta.y
      value: 0
      objectReference: {fileID: 0}
    - target: {fileID: 3078668761718713438, guid: a5ba4ee0df4ade240973f5c6a1743193,
        type: 3}
      propertyPath: m_AnchorMin.x
      value: 0
      objectReference: {fileID: 0}
    - target: {fileID: 3078668761718713438, guid: a5ba4ee0df4ade240973f5c6a1743193,
        type: 3}
      propertyPath: m_AnchorMin.y
      value: 0
      objectReference: {fileID: 0}
    - target: {fileID: 3078668761718713438, guid: a5ba4ee0df4ade240973f5c6a1743193,
        type: 3}
      propertyPath: m_AnchorMax.x
      value: 0
      objectReference: {fileID: 0}
    - target: {fileID: 3078668761718713438, guid: a5ba4ee0df4ade240973f5c6a1743193,
        type: 3}
      propertyPath: m_AnchorMax.y
      value: 0
      objectReference: {fileID: 0}
    - target: {fileID: 3078668761718713438, guid: a5ba4ee0df4ade240973f5c6a1743193,
        type: 3}
      propertyPath: m_Pivot.x
      value: 0
      objectReference: {fileID: 0}
    - target: {fileID: 3078668761718713438, guid: a5ba4ee0df4ade240973f5c6a1743193,
        type: 3}
      propertyPath: m_Pivot.y
      value: 0
      objectReference: {fileID: 0}
    m_RemovedComponents: []
  m_SourcePrefab: {fileID: 100100000, guid: a5ba4ee0df4ade240973f5c6a1743193, type: 3}
--- !u!1001 &6139087225458085455
PrefabInstance:
  m_ObjectHideFlags: 0
  serializedVersion: 2
  m_Modification:
    m_TransformParent: {fileID: 0}
    m_Modifications:
    - target: {fileID: 6139087225945313114, guid: 16be860517d018740a954b936af2076b,
        type: 3}
      propertyPath: m_Name
      value: Play Space
      objectReference: {fileID: 0}
    - target: {fileID: 6139087225945313114, guid: 16be860517d018740a954b936af2076b,
        type: 3}
      propertyPath: m_IsActive
      value: 0
      objectReference: {fileID: 0}
    - target: {fileID: 6139087225945313113, guid: 16be860517d018740a954b936af2076b,
        type: 3}
      propertyPath: m_LocalPosition.x
      value: 0
      objectReference: {fileID: 0}
    - target: {fileID: 6139087225945313113, guid: 16be860517d018740a954b936af2076b,
        type: 3}
      propertyPath: m_LocalPosition.y
      value: 0
      objectReference: {fileID: 0}
    - target: {fileID: 6139087225945313113, guid: 16be860517d018740a954b936af2076b,
        type: 3}
      propertyPath: m_LocalPosition.z
      value: 0
      objectReference: {fileID: 0}
    - target: {fileID: 6139087225945313113, guid: 16be860517d018740a954b936af2076b,
        type: 3}
      propertyPath: m_LocalRotation.x
      value: 0
      objectReference: {fileID: 0}
    - target: {fileID: 6139087225945313113, guid: 16be860517d018740a954b936af2076b,
        type: 3}
      propertyPath: m_LocalRotation.y
      value: 0
      objectReference: {fileID: 0}
    - target: {fileID: 6139087225945313113, guid: 16be860517d018740a954b936af2076b,
        type: 3}
      propertyPath: m_LocalRotation.z
      value: 0
      objectReference: {fileID: 0}
    - target: {fileID: 6139087225945313113, guid: 16be860517d018740a954b936af2076b,
        type: 3}
      propertyPath: m_LocalRotation.w
      value: 1
      objectReference: {fileID: 0}
    - target: {fileID: 6139087225945313113, guid: 16be860517d018740a954b936af2076b,
        type: 3}
      propertyPath: m_RootOrder
      value: 5
      objectReference: {fileID: 0}
    - target: {fileID: 6139087225945313113, guid: 16be860517d018740a954b936af2076b,
        type: 3}
      propertyPath: m_LocalEulerAnglesHint.x
      value: 0
      objectReference: {fileID: 0}
    - target: {fileID: 6139087225945313113, guid: 16be860517d018740a954b936af2076b,
        type: 3}
      propertyPath: m_LocalEulerAnglesHint.y
      value: 0
      objectReference: {fileID: 0}
    - target: {fileID: 6139087225945313113, guid: 16be860517d018740a954b936af2076b,
        type: 3}
      propertyPath: m_LocalEulerAnglesHint.z
      value: 0
      objectReference: {fileID: 0}
    - target: {fileID: 6139087224913328246, guid: 16be860517d018740a954b936af2076b,
        type: 3}
      propertyPath: m_TagString
      value: EnemyLoseCollider
      objectReference: {fileID: 0}
    - target: {fileID: 6139087224928569475, guid: 16be860517d018740a954b936af2076b,
        type: 3}
      propertyPath: m_TagString
      value: PlayerLoseCollider
      objectReference: {fileID: 0}
    - target: {fileID: 6139087224913328244, guid: 16be860517d018740a954b936af2076b,
        type: 3}
      propertyPath: m_IsTrigger
      value: 1
      objectReference: {fileID: 0}
    - target: {fileID: 6139087224928569473, guid: 16be860517d018740a954b936af2076b,
        type: 3}
      propertyPath: m_IsTrigger
      value: 1
      objectReference: {fileID: 0}
    - target: {fileID: 6139087226213096925, guid: 16be860517d018740a954b936af2076b,
        type: 3}
      propertyPath: m_LocalPosition.y
      value: 1.5
      objectReference: {fileID: 0}
    m_RemovedComponents: []
  m_SourcePrefab: {fileID: 100100000, guid: 16be860517d018740a954b936af2076b, type: 3}
--- !u!1 &6139087225458085456 stripped
GameObject:
  m_CorrespondingSourceObject: {fileID: 6139087225945313114, guid: 16be860517d018740a954b936af2076b,
    type: 3}
  m_PrefabInstance: {fileID: 6139087225458085455}
  m_PrefabAsset: {fileID: 0}
